@book{Preau1583_1,
	Address = {Paris},
	Author = {Gabriel du Preau},
	Pagination = {folio},
	Publisher = {Jacques Keruer},
	Title = {Histoire de l'Estat et succes de l'Eglise dressee en forme de chronique generalle et universelle},
	Volume = {1},
	Year = {1583}}
